<?xml version="1.0" encoding="UTF-8"?><collection xmlns="http://www.loc.gov/MARC21/slim"><record><leader>00539nam--2200181-u-4500</leader><controlfield tag="001">000053104</controlfield><controlfield tag="002">20161230</controlfield><controlfield tag="005">20161230201050</controlfield><controlfield tag="008">110105s1000------------r-----000-0-rum-d</controlfield><datafield ind1=" " ind2=" " tag="040"><subfield code="a">IFIN-HH</subfield></datafield><datafield ind1=" " ind2=" " tag="041"><subfield code="a">rum</subfield></datafield><datafield ind1=" " ind2=" " tag="080"><subfield code="a">539.12(043.2)</subfield></datafield><datafield ind1="1" ind2=" " tag="100"><subfield code="a">Gaudichet, Ludovic</subfield></datafield><datafield ind1="1" ind2="0" tag="245"><subfield code="a">PRODUCTION DE a(1520) DANS LES COLLISIONS P+P ET AU+AU A SNN = 200 GEV DANS L'EXPERIENCE STAR AU RHIC</subfield><subfield code="b">These</subfield><subfield code="c">Ludovic gaudichet</subfield></datafield><datafield ind1=" " ind2=" " tag="260"><subfield code="a">Nantes</subfield><subfield code="b">Universite De Nantes</subfield><subfield code="c">2003</subfield></datafield><datafield ind1=" " ind2=" " tag="300"><subfield code="a">154P</subfield></datafield><datafield ind1=" " ind2=" " tag="852"><subfield code="a">81540</subfield><subfield code="c">539</subfield></datafield><datafield ind1=" " ind2=" " tag="CAT"><subfield code="a">Sys</subfield><subfield code="c">20110105</subfield><subfield code="h">144555</subfield></datafield></record></collection>